@misc{united2019department,
  title={Department of Economic and Social Affairs, Population Division. World Population Prospects 2019},
  author={United Nations},
  year={2019},
  publisher={UN New York, USA}
}

@article{kounalakis2019deep,
  title={Deep learning-based visual recognition of rumex for robotic precision farming},
  author={Kounalakis, Tsampikos and Triantafyllidis, Georgios A and Nalpantidis, Lazaros},
  journal={Computers and Electronics in Agriculture},
  volume={165},
  pages={104973},
  year={2019},
  publisher={Elsevier}
}

@inproceedings{razaak2019integrated,
  title={An integrated precision farming application based on 5G, UAV and deep learning technologies},
  author={Razaak, Manzoor and Kerdegari, Hamideh and Davies, Eleanor and Abozariba, Raouf and Broadbent, Matthew and Mason, Katy and Argyriou, Vasileios and Remagnino, Paolo},
  booktitle={International Conference on Computer Analysis of Images and Patterns},
  pages={109--119},
  year={2019},
  organization={Springer}
}

@article{bahr2015eip,
  title={EIP-AGRI Focus Group: Precision farming},
  author={Bahr, Claudia and Forristal, Dermot and Fountas, Spyros and Gil, Emilio and Grenier, Gilbert and Hoerfarter, Rita and Jonsson, Anders and Jung, Andras and Kempenaar, Corne and Lokhorst, Kees and others},
  year={2015},
  publisher={European Commission}
}

@article{howard2020fastai,
  title={Fastai: a layered API for deep learning},
  author={Howard, Jeremy and Gugger, Sylvain},
  journal={Information},
  volume={11},
  number={2},
  pages={108},
  year={2020},
  publisher={Multidisciplinary Digital Publishing Institute}
}

@inproceedings{byg2009tapaal,
  title={TAPAAL: Editor, simulator and verifier of timed-arc Petri nets},
  author={Byg, Joakim and J{\o}rgensen, Kenneth Yrke and Srba, Ji{\v{r}}{\'\i}},
  booktitle={International Symposium on Automated Technology for Verification and Analysis},
  pages={84--89},
  year={2009},
  organization={Springer}
}

@inproceedings{deng2009imagenet,
  title={Imagenet: A large-scale hierarchical image database},
  author={Deng, Jia and Dong, Wei and Socher, Richard and Li, Li-Jia and Li, Kai and Fei-Fei, Li},
  booktitle={2009 IEEE conference on computer vision and pattern recognition},
  pages={248--255},
  year={2009},
  organization={Ieee}
}

@inproceedings{he2016deep,
  title={Deep residual learning for image recognition},
  author={He, Kaiming and Zhang, Xiangyu and Ren, Shaoqing and Sun, Jian},
  booktitle={Proceedings of the IEEE conference on computer vision and pattern recognition},
  pages={770--778},
  year={2016}
}

@inproceedings{hasan2019deep,
  title={Deep learning precision farming: tomato leaf disease detection by transfer learning},
  author={Hasan, Mosin and Tanawala, Bhavesh and Patel, Krina J},
  booktitle={Proceedings of 2nd International Conference on Advanced Computing and Software Engineering (ICACSE)},
  year={2019}
}

@article{article,
author = {Nguyen, Vinh and Vu, Quyen and Solenaya, Oksana and Ronzhin, Andrey},
year = {2017},
month = {01},
pages = {02009},
title = {Analysis of main tasks of precision farming solved with the use of robotic means},
volume = {113},
journal = {MATEC Web of Conferences},
doi = {10.1051/matecconf/201711302009}
}